<record><leader>00000cas a22000007a 4500</leader><controlfield tag="001">20463130</controlfield><controlfield tag="008">891010d18901894mnuwr ne      0    0eng d</controlfield><datafield ind1=" " ind2=" " tag="010"><subfield code="a">sn 89064143 </subfield></datafield><datafield ind1=" " ind2=" " tag="040"><subfield code="a">MN#</subfield><subfield code="b">eng</subfield><subfield code="c">MN#</subfield><subfield code="d">OCLCQ</subfield><subfield code="d">OCLCF</subfield><subfield code="d">OCLCO</subfield><subfield code="d">IUL</subfield></datafield><datafield ind1=" " ind2=" " tag="042"><subfield code="a">msc</subfield></datafield><datafield ind1=" " ind2=" " tag="043"><subfield code="a">n-us-mn</subfield></datafield><datafield ind1=" " ind2=" " tag="052"><subfield code="a">4144</subfield><subfield code="b">G65</subfield></datafield><datafield ind1=" " ind2=" " tag="052"><subfield code="a">4143</subfield><subfield code="b">B5</subfield></datafield><datafield ind1="0" ind2=" " tag="130"><subfield code="a">Graceville transcript (Graceville, Minn. : 1890)</subfield></datafield><datafield ind1="1" ind2="0" tag="245"><subfield code="a">Graceville transcript.</subfield></datafield><datafield ind1=" " ind2=" " tag="260"><subfield code="a">Graceville, Minn. :</subfield><subfield code="b">Jac. Brynildsen &amp; Co.,</subfield><subfield code="c">1890-1894.</subfield></datafield><datafield ind1=" " ind2=" " tag="300"><subfield code="a">v.</subfield></datafield><datafield ind1=" " ind2=" " tag="310"><subfield code="a">Weekly</subfield></datafield><datafield ind1="0" ind2=" " tag="362"><subfield code="a">Vol. 7, no. 46 (Aug. 9, 1890)-</subfield></datafield><datafield ind1="1" ind2=" " tag="362"><subfield code="a">Ceased in 1894.</subfield></datafield><datafield ind1=" " ind2=" " tag="530"><subfield code="a">Available on microfilm from the Minnesota Historical Society.</subfield></datafield><datafield ind1=" " ind2="0" tag="651"><subfield code="a">Graceville (Minn.)</subfield><subfield code="v">Newspapers.</subfield></datafield><datafield ind1=" " ind2="7" tag="651"><subfield code="a">Minnesota</subfield><subfield code="z">Graceville.</subfield><subfield code="2">fast</subfield><subfield code="0">(OCoLC)fst01254546</subfield></datafield><datafield ind1=" " ind2="7" tag="655"><subfield code="a">Newspapers.</subfield><subfield code="2">fast</subfield><subfield code="0">(OCoLC)fst01423814</subfield></datafield><datafield ind1=" " ind2=" " tag="752"><subfield code="a">United States</subfield><subfield code="b">Minnesota</subfield><subfield code="c">Big Stone</subfield><subfield code="d">Graceville.</subfield></datafield><datafield ind1="0" ind2="0" tag="780"><subfield code="t">Graceville transcript and Democrat</subfield><subfield code="w">(DLC)sn 89064142</subfield><subfield code="w">(OCoLC)20463124</subfield></datafield><datafield ind1="0" ind2="4" tag="785"><subfield code="t">Graceville enterprise</subfield><subfield code="w">(DLC)sn 89064144</subfield><subfield code="w">(OCoLC)1587774</subfield></datafield></record>